@inproceedings{drebin1988volume,
  title={Volume rendering},
  author={Drebin, R.A. and Carpenter, L. and Hanrahan, P.},
  booktitle={ACM Siggraph Computer Graphics},
  volume=22,
  pages={65--74},
  year=1988,
  organization={ACM}
}
@article{lorensen1987marching,
  title={Marching cubes: A high resolution 3D surface construction algorithm},
  author={Lorensen, W.E. and Cline, H.E.},
  journal={ACM Siggraph Computer Graphics},
  volume=21,
  number=4,
  pages={163--169},
  year=1987,
  publisher={ACM}
}
@article{kruger2003acceleration,
  title={Acceleration techniques for GPU-based volume rendering},
  author={Kr{\"u}ger, J. and Westermann, R.},
  year=2003,
  journal={IEEE Computer Society}
}
@inproceedings{kindlmann1998semi,
  title={Semi-automatic generation of transfer functions for direct volume rendering},
  author={Kindlmann, G. and Durkin, J.W.},
  booktitle={Proceedings of the 1998 IEEE symposium on Volume visualization},
  pages={79--86},
  year=1998,
  organization={ACM}
}
@inproceedings{van1997contour,
  title={Contour trees and small seed sets for isosurface traversal},
  author={Van Kreveld, M. and Van Oostrum, R. and Bajaj, C. and Pascucci, V. and Schikore, D.},
  booktitle={Proceedings of the thirteenth annual symposium on Computational geometry},
  pages={212--220},
  year=1997,
  organization={ACM}
}
@inproceedings{bajaj1999parallel,
  title={Parallel accelerated isocontouring for out-of-core visualization},
  author={Bajaj, CL and Pascucci, V. and Thompson, D. and Zhang, XY},
  booktitle={Proceedings of the 1999 IEEE symposium on Parallel visualization and graphics},
  pages={97--104},
  year=1999,
  organization={IEEE Computer Society}
}
@inproceedings{carr2000computing,
  title={Computing contour trees in all dimensions},
  author={Carr, H. and Snoeyink, J. and Axen, U.},
  booktitle={Proceedings of the eleventh annual ACM-SIAM symposium on Discrete algorithms},
  pages={918--926},
  year=2000,
  organization={Society for Industrial and Applied Mathematics}
}
@inproceedings{bajaj1997contour,
  title={The contour spectrum},
  author={Bajaj, C.L. and Pascucci, V. and Schikore, D.R.},
  booktitle={Proceedings of the 8th conference on Visualization'97},
  pages={167--ff},
  year=1997,
  organization={IEEE Computer Society Press}
}
@inproceedings{bajaj1996fast,
  title={Fast isocontouring for improved interactivity},
  author={Bajaj, C.L. and Pascucci, V. and Schikore, D.R.},
  booktitle={Proceedings of the 1996 symposium on Volume visualization},
  pages={39--ff},
  year=1996,
  organization={IEEE Press}
}
@InProceedings{pascucci04:_multi,
  title={Multi-resolution computation and presentation of contour trees},
  author = 		 {Pascucci, V. and Cole-McLaughlin, K. and Scorzelli, G.},
  booktitle = {Proceedings of the IASTED conference on Visualization, Imaging, and Image Processing},
  year = 	 2004,
  organization = {VIIP}
}
@article{newman2006survey,
  title={A survey of the marching cubes algorithm},
  author={Newman, T.S. and Yi, H.},
  journal={Computers \& Graphics},
  volume=30,
  number=5,
  pages={854--879},
  year=2006,
  publisher={Elsevier}
}
@Misc{nvidia:_march_cubes_isosur,
  author = 	 {NVIDIA CUDA SDK - Graphics Interop},
  title = 	 {Marching Cubes Isosurfaces},
  howpublished = {http://developer.download.nvidia.com/}
}
@inproceedings{pascucci2002efficient,
  title={Efficient computation of the topology of level sets},
  author={Pascucci, V. and Cole-McLaughlin, K.},
  booktitle={Proceedings of the conference on Visualization'02},
  pages={187--194},
  year=2002,
  organization={IEEE Computer Society}
}
@inproceedings{carr2004simplifying,
  title={Simplifying flexible isosurfaces using local geometric measures},
  author={Carr, H. and Snoeyink, J. and van de Panne, M.},
  booktitle={Proceedings of the conference on Visualization'04},
  pages={497--504},
  year=2004,
  organization={IEEE Computer Society}
}
@inproceedings{dyken2008high,
  title={High-speed Marching Cubes using HistoPyramids},
  author={Dyken, C. and Ziegler, G. and Theobalt, C. and Seidel, H.P.},
  booktitle={Computer Graphics Forum},
  volume=27,
  pages={2028--2039},
  year=2008,
  organization={Wiley Online Library}
}
@inproceedings{goetz2005real,
  title={Real-time marching cubes on the vertex shader},
  author={Goetz, F. and Junklewitz, T. and Domik, G.},
  booktitle={Proceedings of Eurographics},
  volume=2005,
  pages=2,
  year=2005
}
@article{harris2007parallel,
  title={Parallel prefix sum (scan) with CUDA},
  author={Harris, M. and Sengupta, S. and Owens, J.D.},
  journal={GPU Gems},
  volume=3,
  number=39,
  pages={851--876},
  year=2007
}
@article{carr2010flexible,
  title={Flexible isosurfaces: Simplifying and displaying scalar topology using the contour tree},
  author={Carr, H. and Snoeyink, J. and van de Panne, M.},
  journal={Computational Geometry},
  volume=43,
  number=1,
  pages={42--58},
  year=2010,
  publisher={Elsevier}
}
@article{tarjan1975efficiency,
  title={Efficiency of a good but not linear set union algorithm},
  author={Tarjan, R.E.},
  journal={Journal of the ACM (JACM)},
  volume=22,
  number=2,
  pages={215--225},
  year=1975,
  publisher={ACM}
}
@book{zhou2008contour,
  title={Contour tree simplification based on a combined approach},
  author={Zhou, J. and Takatsuka, M. and University of Sydney. School of Information Technologies},
  year=2008,
  publisher={School of Information Technologies, University of Sydney}
}
@article{pal1994parallel,
  title={Parallel visualization algorithms: Performance and architectural implications},
  author={Pal Singh, J. and Gupta, A. and Levoy, M.},
  journal={Computer},
  volume=27,
  number=7,
  pages={45--55},
  year=1994,
  publisher={IEEE}
}
@article{sohn2006time,
  title={Time-varying contour topology},
  author={Sohn, B.S. and Bajaj, C.},
  journal={Visualization and Computer Graphics, IEEE Transactions on},
  volume=12,
  number=1,
  pages={14--25},
  year=2006,
  publisher={IEEE}
}
@article{carr2009representing,
  title={Representing interpolant topology for contour tree computation},
  author={Carr, H. and Snoeyink, J.},
  journal={Topology-Based Methods in Visualization II},
  pages={59--73},
  year=2009,
  publisher={Springer}
}